@inproceedings{LamkanfiMSR13,
	author    = {Ahmed Lamkanfi and Javier Perez and Serge Demeyer},
	title     = {The Eclipse and Mozilla Defect Tracking Dataset: 
		a Genuine Dataset for Mining Bug Information},
	booktitle = {MSR '13: Proceedings of the 10th Working Conference on Mining Software Repositories, 
		May 18-â€“19, 2013. San Francisco, California, USA},
	year      = {2013},
}
